2400 3420
864 299 974 344 64m
1024 340 1040 344 .7
1069 297 1273 345 Tovmr’s
1301 297 1528 333 OFFICIAL
1553 296 1805 333 BREWERS’
1830 295 2120 339 DIRECTORY,

1307 404 1356 443 C
1367 405 1414 442 H
1428 405 1442 442 l
1457 405 1497 442 L
1506 404 1883 443 E—C’ontinued.

868 474 1203 516 PROVINCIA
1240 473 1319 511 DE
1357 471 1759 510 CONCEPCION:

928 523 1204 569 Concepcion
1244 522 1424 562 ......V
1458 522 1490 557 &
1524 522 1569 557 C.
1603 521 1770 561 Keller,
1806 519 1999 555 Fabrica
2033 519 2085 554 de
2119 518 2295 554 Cervez

935 587 937 590 '
1436 569 1578 604 Malta
1608 577 1637 610 y
1668 568 1814 603 Hielo.

1297 643 1306 655 .
1326 647 1335 655 .
1354 616 1537 654 .Albino
1580 615 1780 651 Pfeiffer.

1374 663 1423 699 A.
1473 662 1727 703 Scheiding.

927 716 1082 752 Nueva
1121 710 1530 758 Imperial..Carlos
1568 710 1741 746 Thiers.

869 780 1202 820 PROVINCIA
1245 779 1325 816 DE
1368 776 1709 823 COQUIMBO:

925 834 1078 880 Illapel
1352 831 1710 870 “Emmermann
1716 840 1736 866 s
1770 830 1993 871 Brewery.

991 882 1015 897 “
1352 881 1535 916 .Gatica
1573 880 1797 919 Brewery.

1377 928 1471 963 Ric.
1511 928 1561 963 R.
1598 926 1777 967 Abbott,
1816 924 2009 960 Fabrica
2047 924 2098 959 de
2135 906 2299 959 Cervez

1434 983 1462 1016 y
1492 974 1638 1009 Hielo.

1322 1021 1536 1061 ..Adolfo
1588 1021 1730 1063 Floto,
1785 1018 1978 1055 Fabrica
2031 1019 2083 1053 de
2134 1017 2304 1053 Cervez

1436 1078 1464 1110 y
1495 1068 1640 1103 Hielo.

1298 1115 1538 1156 ...Adolfo
1583 1114 1745 1155 Bauer,
1795 1112 1989 1148 Fabrica
2037 1112 2088 1147 de
2135 1112 2299 1147 Cervez

1436 1172 1464 1204 y
1495 1162 1640 1198 Hielo.

870 1217 1202 1274 PROVINCIA
1239 1233 1317 1270 DE
1353 1230 1594 1269 CURICO:

1020 1288 1029 1296 '
1298 1314 1307 1325 .
1327 1315 1336 1325 .
1353 1315 1363 1325 .
1378 1287 1518 1321 Jacon
1558 1285 1728 1326 Hyner.

870 1355 1205 1394 PRO-VINCIA
1244 1354 1321 1392 DE
1358 1351 1639 1390 LINARES:

928 1410 1111 1447 Linares
1325 1437 1335 1448 .
1353 1407 1523 1447 .Viuda
1552 1407 1605 1442 de
1633 1405 1939 1442 Rosenkranz.

871 1475 1205 1515 PROVINCIA
1238 1476 1316 1512 DE
1352 1473 1656 1512 MALLECO:

927 1531 1071 1576 Angol
1175 1560 1184 1568 .
1273 1557 1283 1568 .
1299 1557 1309 1567 .
1328 1557 1338 1568 .
1354 1557 1364 1567 .
1379 1528 1571 1564 Antonio
1615 1527 1751 1563 Kind.

873 1597 1205 1636 PROVINCIA
1243 1597 1320 1633 DE
1357 1594 1587 1633 MAULE:

931 1646 1189 1691 Cauquenes
1232 1673 1241 1683 .
1260 1674 1288 1683 ..
1301 1673 1310 1682 .
1329 1671 1338 1682 .
1356 1673 1365 1683 .
1379 1645 1540 1679 Tomas
1570 1644 1702 1678 Rosa.

930 1691 1231 1731 Constitution
1272 1722 1281 1731 .
1300 1721 1310 1731 .
1326 1720 1336 1730 .
1355 1720 1364 1730 .
1378 1691 1547 1732 Agusto
1585 1689 1799 1725 Sommer.

874 1759 1208 1798 PROVINCIA
1242 1759 1322 1796 DE
1355 1757 1575 1796 NUBLE:

929 1814 1099 1852 Chillan
1145 1843 1154 1852 .
1245 1842 1253 1851 .
1354 1812 1518 1851 .Pedro
1555 1813 1739 1847 Jansen.

1358 1860 1494 1897 .Juan
1535 1858 1751 1902 Schleyelr
1776 1865 1800 1898 y
1829 1857 1923 1894 Cia.

874 1929 986 1967 PRO
996 1928 1206 1966 VINCIA
1221 1888 1338 1964 DE
1358 1925 1680 1964 SANTIAGO:

933 1981 1142 2027 Santiago
1193 2008 1202 2019 .
1382 1982 1584 2017 Andreas
1620 1980 1782 2020 Enber,
1822 1979 2015 2014 Fabrica
2052 1979 2104 2014 de
2140 1978 2315 2014 Cervez

1437 2037 1464 2069 y
1517 2027 1662 2068 Hielo,
1714 2027 1918 2062 Avenida
1971 2025 2315 2067 Independenci

1438 2075 1537 2112 545.

1036 2123 1060 2139 “
1383 2122 1672 2159 Cervecerias
1711 2120 1896 2162 Unidas,
1939 2118 2313 2156 Limache-Cousi

1438 2179 1508 2205 no.
2318 2177 2319 2180 ‘

1034 2218 1060 2235 “
1382 2216 1619 2252 Frederico
1658 2215 1954 2264 Horstmann.

874 2284 1208 2323 PROVINCIA
1242 2285 1320 2321 DE
1357 2282 1571 2322 TALCA:

1383 2338 1485 2374 Otto
1560 2336 1772 2377 Schleyer
1843 2344 1872 2377 y
1944 2335 2051 2377 Cia.,
2125 2335 2320 2371 Cervez

1443 2384 1585 2420 Malta
1622 2393 1650 2425 y
1688 2384 1835 2419 Hielo.

877 2453 1211 2492 P‘ROVINCIA
1247 2453 1327 2490 DE
1361 2451 1678 2490 VALDIVIA:

933 2514 1015 2551 Rio
1060 2514 1211 2551 Bueno
1382 2514 1502 2549 Juan
1533 2512 1675 2548 Mohr.

932 2561 1081 2599 Union
1123 2590 1131 2600 .
1151 2591 1160 2599 .
1177 2590 1186 2599 .
1276 2589 1286 2599 .
1301 2589 1312 2599 .
1331 2588 1340 2598 .
1357 2589 1366 2598 .
1381 2560 1542 2595 Adolfo
1579 2559 1807 2596 Bottcher.

930 2607 1133 2647 Valdivia
1330 2636 1340 2647 .
1359 2606 1628 2648 .Compaﬁia
1663 2605 1859 2642 CerVeza
1891 2604 2117 2642 Valdivia.

875 2674 1208 2713 PROVINCIA
1252 2674 1332 2711 DE
1370 2672 1775 2711 VALPARAISO:

935 2735 1046 2781 Casa
1061 2734 1239 2797 “Blanca

934 2829 1140 2867 Limache
1179 2859 1187 2868 .
1208 2859 1216 2867 .
1234 2858 1242 2867 .
1333 2857 1341 2866 .
1359 2857 1367 2866 .
1382 2828 1671 2864 Cervecerias
1718 2828 1890 2864 Unidas
1938 2827 2311 2864 Limache—Cousi

1433 2885 1503 2911 no.

878 2923 1136 2971 Valparaiso
1384 2923 1625 2958 Francisco
1664 2923 1802 2958 Duve.

983 2970 1009 2989 “
1167 2997 1179 3010 .
1194 2997 1206 3009 .
1222 2998 1232 3008 .
1249 2998 1260 3008 .
1277 2998 1287 3008 .
1304 2997 1315 3009 .
1330 2997 1342 3009 .
1357 2997 1369 3009 .
1382 2970 1630 3014 Companla
1657 2969 1914 3007 .Cervecera
1952 2969 2241 3007 Anwandter.
2266 2998 2271 3003 .
